<?xml version="1.0" encoding="UTF-8"?><collection xmlns="http://www.loc.gov/MARC21/slim"><record><leader>00391nam--2200145-i-4500</leader><controlfield tag="001">000001247</controlfield><controlfield tag="002">20161230</controlfield><controlfield tag="005">20161230201024</controlfield><controlfield tag="008">060222s1000------------r-----000-0-eng-d</controlfield><datafield ind1=" " ind2=" " tag="080"><subfield code="a">517.11:681.31</subfield></datafield><datafield ind1="1" ind2="0" tag="100"><subfield code="a">Hennie, Fr.C</subfield></datafield><datafield ind1="1" ind2=" " tag="245"><subfield code="a">Iterative arrays of logical circuits</subfield></datafield><datafield ind1=" " ind2=" " tag="260"><subfield code="a">London, John Wiley Sons, Inc. 1961. X + 242 P</subfield></datafield><datafield ind1=" " ind2=" " tag="852"><subfield code="a">17307</subfield><subfield code="c">517.11</subfield></datafield><datafield ind1=" " ind2=" " tag="CAT"><subfield code="a">Sys</subfield><subfield code="c">20080715</subfield><subfield code="h">121712</subfield></datafield></record></collection>